@article{shannon2017,
  title={Contribution of symmetric dimethylarginine to GFR decline in pediatric chronic kidney disease},
  author={Brooks, Ellen R and Haymond, Shannon and Rademaker, Alfred and Pierce, Christopher and Helenowski, Irene and Passman, Rod and Vicente, Faye and Warady, Bradley A and Furth, Susan L and Langman, Craig B},
  journal={Pediatric Nephrology},
  pages={1--8},
  year={2017},
  publisher={Springer}
}

@article{li2017wellness,
  title={Wellness Initiatives: Benefits and Limitations},
  author={Li, Michelle and Diamandis, Eleftherios P and Paneth, Nigel and Yeo, Kiang-Teck J and Vogt, Henrik and Master, Stephen R},
  journal={Clinical Chemistry},
  volume={63},
  number={6},
  pages={1063--1068},
  year={2017},
  publisher={Clinical Chemistry}
}

@article{holmes2005preanalytical,
  title={Preanalytical influences on {DPC IMMULITE 2000} intact {PTH} assays of plasma and serum from dialysis patients},
  author={Holmes, Daniel T and Levin, Adeera and Forer, Barry and Rosenberg, Frances},
  journal={Clinical Chemistry},
  volume={51},
  number={5},
  pages={915--917},
  year={2005},
  publisher={Clinical Chemistry}
}

@book{john,
  author       = {John, the Apostle and Chist, Jesus and Spirit, Holy and God, F}, 
  title        = {{The Gospel According to John, 8:58}},
  chapter      = 8,
  publisher    = {Hosannah Press},
  year         = 80,
  address      = {1 Heavenly Way},
}